<?xml version="1.0" encoding="UTF-8"?><record xmlns="http://www.loc.gov/MARC21/slim" xmlns:cinclude="http://apache.org/cocoon/include/1.0" xmlns:zs="http://www.loc.gov/zing/srw/">
  <leader>00682nz  a2200145n  4500</leader>
  <controlfield tag="001">n 2002061237</controlfield>
  <controlfield tag="003">DLC</controlfield>
  <controlfield tag="005">20021122130416.0</controlfield>
  <controlfield tag="008">021122n| acannaabn          |a ana      </controlfield>
  <datafield tag="010" ind1=" " ind2=" ">
    <subfield code="a">n 2002061237</subfield>
  </datafield>
  <datafield tag="040" ind1=" " ind2=" ">
    <subfield code="a">DLC</subfield>
    <subfield code="b">eng</subfield>
    <subfield code="c">DLC</subfield>
  </datafield>
  <datafield tag="110" ind1="1" ind2=" ">
    <subfield code="a">Israel.</subfield>
    <subfield code="b">Miśrad le-ekhut ha-sevivah.</subfield>
    <subfield code="b">Agaf yam ḥofim</subfield>
  </datafield>
  <datafield tag="410" ind1="1" ind2=" ">
    <subfield code="a">Israel.</subfield>
    <subfield code="b">Miśrad le-ekhut ha-sevivah.</subfield>
    <subfield code="b">Marine and Coastal Environment Division</subfield>
  </datafield>
  <datafield tag="670" ind1=" " ind2=" ">
    <subfield code="a">Regional oil spill contingency plan for the Gulf of Eilat (Aqaba), 1999:</subfield>
    <subfield code="b">t.p. (State of Israel, Ministry of Environment, Marine and Coastal Divsion)</subfield>
  </datafield>
  <datafield tag="670" ind1=" " ind2=" ">
    <subfield code="a">http://www.environment.gov.il/Environment/bin/en.jsp?enPage=Blank&amp;enDisplay, Nov. 22, 2002:</subfield>
    <subfield code="b">(Agaf yam ḥofim [in Hebr.])</subfield>
  </datafield>
</record>